<record><leader>00000cas a22000007a 4500</leader><controlfield tag="001">16644788</controlfield><controlfield tag="008">870904d1876187umauwr ne      0   a0eng d</controlfield><datafield ind1=" " ind2=" " tag="010"><subfield code="a">sn 93059382 </subfield><subfield code="z">sn 93095382 </subfield></datafield><datafield ind1=" " ind2=" " tag="040"><subfield code="a">BDR</subfield><subfield code="b">eng</subfield><subfield code="c">BDR</subfield><subfield code="d">MGN</subfield><subfield code="d">DLC</subfield><subfield code="d">OCLCQ</subfield></datafield><datafield ind1=" " ind2=" " tag="042"><subfield code="a">msc</subfield></datafield><datafield ind1="0" ind2="0" tag="245"><subfield code="a">Brockton weekly advance.</subfield></datafield><datafield ind1="1" ind2="3" tag="246"><subfield code="a">Brockton advance</subfield></datafield><datafield ind1=" " ind2=" " tag="260"><subfield code="a">Brockton, Mass. :</subfield><subfield code="b">A.H. Fuller &amp; Co.</subfield></datafield><datafield ind1=" " ind2=" " tag="300"><subfield code="a">v. ;</subfield><subfield code="c">60 cm.</subfield></datafield><datafield ind1="1" ind2=" " tag="362"><subfield code="a">Began May 6, 1876.</subfield></datafield><datafield ind1=" " ind2=" " tag="588"><subfield code="a">Description based on: Vol. 1, no. 45 (Mar. 10, 1877).</subfield></datafield><datafield ind1="1" ind2=" " tag="700"><subfield code="a">Fuller, Albert H.</subfield></datafield><datafield ind1=" " ind2=" " tag="752"><subfield code="a">United States</subfield><subfield code="b">Massachusetts</subfield><subfield code="c">Plymouth</subfield><subfield code="d">Brockton.</subfield></datafield><datafield ind1="0" ind2="0" tag="785"><subfield code="t">Brockton advance</subfield><subfield code="w">(DLC)sn 93059383</subfield></datafield><datafield ind1="1" ind2=" " tag="029"><subfield code="a">AU@</subfield><subfield code="b">000026306253</subfield></datafield></record>